<?xml version="1.0" encoding="UTF-8"?><collection xmlns="http://www.loc.gov/MARC21/slim"><record><leader>00578nam--2200205-u-4500</leader><controlfield tag="001">000055834</controlfield><controlfield tag="002">20161230</controlfield><controlfield tag="005">20161230201052</controlfield><controlfield tag="008">130808s1000------------r-----000-0-rus-d</controlfield><datafield ind1=" " ind2=" " tag="040"><subfield code="a">IFIN-HH</subfield></datafield><datafield ind1=" " ind2=" " tag="041"><subfield code="a">rus</subfield></datafield><datafield ind1=" " ind2=" " tag="080"><subfield code="a">519.67</subfield></datafield><datafield ind1="1" ind2=" " tag="100"><subfield code="a">Ahlberg, J.H</subfield></datafield><datafield ind1="1" ind2="0" tag="245"><subfield code="a">Teoria splainov i ee prilojenia</subfield><subfield code="c">J.h. ahlberg, e.n. nilson, j.l. walsh</subfield></datafield><datafield ind1=" " ind2=" " tag="260"><subfield code="a">Moskva</subfield><subfield code="b">Mir</subfield><subfield code="c">1972</subfield></datafield><datafield ind1=" " ind2=" " tag="300"><subfield code="a">316P</subfield></datafield><datafield ind1=" " ind2=" " tag="500"><subfield code="a">Titlul Original In Limba Engleza: The Theory Of Splines And Their Applications</subfield></datafield><datafield ind1="1" ind2=" " tag="700"><subfield code="a">Walsh, J.L</subfield></datafield><datafield ind1=" " ind2=" " tag="852"><subfield code="a">75978</subfield><subfield code="c">519.283</subfield></datafield><datafield ind1=" " ind2=" " tag="CAT"><subfield code="a">Sys</subfield><subfield code="c">20130808</subfield><subfield code="h">125212</subfield></datafield></record></collection>